@book{MuthRichardF.1969Cah:,
    title = {{Cities and housing : the spatial pattern of urban residential land use}},
    year = {1969},
    author = {Muth, Richard F},
    series = {Studies in business and society},
    publisher = {University of Chicago Press},
    address = {Chicago},
    isbn = {0226554139},
    keywords = {Land use -- United States; Housing -- United State}
}

@book{garreau1991edge,
    title = {{Edge City: Life on the New Frontier}},
    year = {1991},
    author = {Garreau, J},
    series = {Anchor books},
    publisher = {Anchor Books},
    isbn = {9780385424349}
}

@book{VanBrummelenGlen2017Hm:t,
    title = {{Heavenly Mathematics : The Forgotten Art of Spherical Trigonometry}},
    year = {2017},
    author = {Van Brummelen, Glen},
    publisher = {Princeton University Press},
    address = {Princeton ; Oxford},
    isbn = {0691175993},
    keywords = {Spherical trigonometry, Trigonometry}
}

@article{Rosen1984,
    title = {{Hedonic Prices and Implicit Markets: Product Differentiation in Pure Competition}},
    year = {1974},
    journal = {Journal of Political Economy},
    author = {Rosen, Sherwin},
    number = {1},
    pages = {34--55},
    volume = {82},
    isbn = {00223808},
    doi = {10.1086/260169},
    issn = {0022-3808},
    pmid = {1255},
    arxivId = {arXiv:1011.1669v3}
}

@book{AlonsoWilliam1964Lalu,
    title = {{Location and land use : Toward a General Theory of Land Rent}},
    year = {1964},
    author = {Alonso, William},
    series = {Publications (Joint Center for Urban Studies)},
    publisher = {Harvard University Press},
    address = {Cambridge},
    keywords = {Rent (Economic theory)}
}

@article{RePEc:eee:regeco:v:12:y:1982:i:2:p:161-196,
    title = {{Multiple equilibria and structural transition of non-monocentric urban configurations}},
    year = {1982},
    journal = {Regional Science and Urban Economics},
    author = {Fujita, Masahisa and Ogawa, Hideaki},
    number = {2},
    pages = {161--196},
    volume = {12},
    url = {https://econpapers.repec.org/RePEc:eee:regeco:v:12:y:1982:i:2:p:161-196}
}

@book{MillsEdwinSmith1972Sits,
    title = {{Studies in the structure of the urban economy}},
    year = {1972},
    author = {Mills, Edwin Smith},
    series = {Resources for the Future Inc. publications},
    publisher = {Johns Hopkins Press for Resources for the Future},
    address = {Baltimore ; London},
    keywords = {Urban economics}
}

@misc{TheIndependent2017WaitrosePounds,
    title = {{'Waitrose effect' can 'boost house prices by thousands of pounds'}},
    year = {2017},
    author = {{The Independent}}
}

@misc{UnitedNations201868UN,
    title = {{68{\%} of the world population projected to live in urban areas by 2050, says UN}},
    year = {2018},
    author = {{United Nations}}
}

@article{Bonnetain2003AIslands,
    title = {{A hedonic price model for islands}},
    year = {2003},
    journal = {Journal of Urban Economics},
    author = {Bonnetain, Philippe},
    number = {2},
    pages = {368--377},
    volume = {54},
    doi = {10.1016/S0094-1190(02)00506-5},
    issn = {00941190},
    keywords = {Hedonic price theory, Islands, Urban economics}
}

@misc{Davey2018AldiMarket,
    title = {{Aldi and Lidl dig deeper into Britain's grocery market}},
    year = {2018},
    author = {Davey, James}
}

@misc{OfficeforNationalStatistics2019CensusGeography,
    title = {{Census Geography}},
    year = {2019},
    author = {{Office for National Statistics}}
}

@article{Kuang2017DoesYelp,
    title = {{Does quality matter in local consumption amenities? An empirical investigation with Yelp}},
    year = {2017},
    journal = {Journal of Urban Economics},
    author = {Kuang, Chun},
    pages = {1--18},
    volume = {100},
    publisher = {Elsevier Inc.},
    isbn = {9706287329},
    doi = {10.1016/j.jue.2017.02.006},
    issn = {00941190},
    keywords = {Consumption amenities, Hedonic analysis, Information value, Local amenity capitalization, Real estate market}
}

@book{Bolstad2016GISSystems,
    title = {{GIS fundamentals : a First Text on Geographic Information Systems}},
    year = {2016},
    author = {Bolstad, Paul},
    edition = {5th Editio},
    publisher = {XanEdu Publishing Inc.},
    isbn = {9781506695877 1506695876},
    language = {English}
}

@misc{TheGuardian2019HousingMarket,
    title = {{Housing market}},
    year = {2019},
    author = {{The Guardian}}
}

@article{LloydsBank2016LivingHome,
    title = {{Living near a supermarket can bag you a {\pounds}22,000 bonus on your home}},
    year = {2016},
    journal = {Lloyds Banking Group Press Release},
    author = {{Lloyds Bank}},
    number = {July}
}

@article{TheTelegraph2016LivingSays,
    title = {{Living near Waitrose could add {\pounds}38, 666 to your house price, survey says}},
    year = {2016},
    author = {{The Telegraph}}
}

@article{GreaterLondonAuthority2008LondonsImportance,
    title = {{London's Central Business District : Its global importance}},
    year = {2008},
    author = {{Greater London Authority}}
}

@article{Michaels1990MarketSites,
    title = {{Market segmentation and valuing amenities with hedonic models: The case of hazardous waste sites}},
    year = {1990},
    journal = {Journal of Urban Economics},
    author = {Michaels, R. Gregory and Smith, V. Kerry},
    number = {2},
    pages = {223--242},
    volume = {28},
    doi = {10.1016/0094-1190(90)90052-O},
    issn = {00941190}
}

@article{Niu2016ModelingDemand,
    title = {{Modeling urban housing price: The perspective of household activity demand}},
    year = {2016},
    journal = {Dili Xuebao/Acta Geographica Sinica},
    author = {Niu, Fangqu and Liu, Weidong and Feng, Jianxi},
    number = {10},
    pages = {1731--1740},
    volume = {71},
    isbn = {1144201713},
    doi = {10.11821/dlxb201610006},
    issn = {03755444},
    keywords = {Accessibility, Activity, Household, Housing price, Modeling, Travel}
}

@article{McMillen2001PolycentricMilwaukee.,
    title = {{Polycentric urban structure: The case of Milwaukee.}},
    year = {2001},
    journal = {Economic Perspectives},
    author = {McMillen, Daniel P.},
    number = {2},
    pages = {15},
    volume = {25},
    doi = {Article},
    issn = {1048115X}
}

@article{Arribas-Bel2014The2010,
    title = {{The validity of the monocentric city model in a polycentric age: US metropolitan areas in 1990, 2000 and 2010}},
    year = {2014},
    journal = {Urban Geography},
    author = {Arribas-Bel, Daniel and Sanz-Gracia, Fernando},
    number = {7},
    pages = {980--997},
    volume = {35},
    publisher = {Routledge},
    url = {http://dx.doi.org/10.1080/02723638.2014.940693},
    doi = {10.1080/02723638.2014.940693},
    issn = {02723638},
    keywords = {employment centers, local indicators of spatial association (LISA), urban spatial structure}
}